<?xml version="1.0" encoding="UTF-8"?><collection xmlns="http://www.loc.gov/MARC21/slim"><record><leader>00505nam--2200181-i-4500</leader><controlfield tag="001">000001101</controlfield><controlfield tag="002">20161230</controlfield><controlfield tag="005">20170210125841</controlfield><controlfield tag="008">060222s1000------------r-----000-0-eng-d</controlfield><datafield ind1=" " ind2=" " tag="040"><subfield code="a">IFIN-HH</subfield></datafield><datafield ind1=" " ind2=" " tag="080"><subfield code="a">539.1.07</subfield></datafield><datafield ind1="1" ind2=" " tag="100"><subfield code="a">Hellman, Hal</subfield></datafield><datafield ind1="1" ind2="0" tag="245"><subfield code="a">Atomic particle detection</subfield><subfield code="c">Hal Hellman</subfield></datafield><datafield ind1=" " ind2=" " tag="260"><subfield code="a">Oak Ridge</subfield><subfield code="b">Technical Information Center</subfield><subfield code="c">1970</subfield></datafield><datafield ind1=" " ind2=" " tag="300"><subfield code="a">54 p</subfield></datafield><datafield ind1=" " ind2=" " tag="490"><subfield code="a">An Understanding The The Atom Series Booklet</subfield></datafield><datafield ind1=" " ind2=" " tag="852"><subfield code="a">12115</subfield><subfield code="c">539.1.07:539.1.08</subfield></datafield><datafield ind1=" " ind2=" " tag="CAT"><subfield code="a">SYS</subfield><subfield code="c">20170210</subfield><subfield code="h">125841</subfield></datafield></record></collection>